
@BOOK{PDMIA,
author={{Groupe PDMIA}},
year = 2008,
title="Processus Décisionnels de Markov en intelligence artificielle",
publisher= "Laboratoire Informatique Paris 6, Equipe MAIA - INRIA (LORIA)"
}

@BOOK{ReinforceLearningIntro,
author= "Sutton, Richard S and Barto, Andrew G",
year = 1998,
title="Reinforcement Learning : An Introduction",
publisher= "MIT Press",
address="Cambridge, MA"
}

@MISC{Wiki_Reinforcement_learning,
title = "Apprentissage par renforcement",
year = 2012,
author ="Wikipédia",
howpublished={\url{http://fr.wikipedia.org/wiki/Apprentissage_par_renforcement}}
}

@MISC{TORCS,
title = "The Open Racing Car Simulator",
year = 2001,
author ={{TORCS Team}},
howpublished={\url{http://torcs.sourceforge.net/}}
}


@MISC{TORCS_Tuto,
title = "Torcs robot tutorial",
year = 2003,
author ={Wymann Bernhard},
howpublished={\url{http://www.berniw.org/tutorials/robot/tutorial.html}}
}s


@MISC{Wiki_SemiSupervised,
title = "Semi-supervised learning",
year = 2013,
author ="Wikipédia",
howpublished={\url{http://en.wikipedia.org/wiki/Semi-supervised_learning}}
}

@MANUAL{CdC,
title = "Cahier des charges - PIAD Semi-supervised Learning Agents",
year = 2013,
author = "Lan Zhou and Matthieu Zimmer",
}

@MANUAL{MdP,
title = "Manuel du Programmeur - PIAD Semi-supervised Learning Agents",
year = 2013,
author = "Lan Zhou and Matthieu Zimmer",
}


@MANUAL{MdU,
title = "Manuel de l'Utilisateur - PIAD Semi-supervised Learning Agents",
year = 2013,
author = "Lan Zhou and Matthieu Zimmer",
}

@BOOK{IntArt,
title = "Intelligence Artificielle",
year = 2006,
author = "Stuart Russell and Peter Norvig",
publisher= "PEARSON Education",
}

@inproceedings{semi1,
title = "Policy invariance under reward transformations: Theory and application to reward shaping",
author = "Andrew Y. Ng and Daishi Harada and Stuart Russell",
year = 1999,
booktitle = "Proceedings of the Sixteenth International Conference on Machine Learning"
}

@inproceedings{semi2,
title = "Algorithms for inverse reinforcement learning",
author = "Andrew Y. Ng and Stuart Russell",
year = 2000,
booktitle = "Proceedings of the Sixteenth International Conference on Machine Learning"
}

@inproceedings{semi3,
title = "Apprenticeship learning via inverse reinforcement learning",
author = "Pieter Abbeel and Andrew Y. Ng.",
year = 2004,
booktitle = "Proceedings of the Sixteenth International Conference on Machine Learning"
}
